@article{scikit,
    author="Pedregosa et al.",
    title="Scikit-learn: Machine learning in Python",
    journal="JMLR",
    volume="12",
    pages="2825--2830",
    year="2011"
}
